<?xml version="1.0" encoding="UTF-8"?><collection xmlns="http://www.loc.gov/MARC21/slim"><record><leader>00292nam--2200121-i-4500</leader><controlfield tag="001">000009108</controlfield><controlfield tag="002">20161230</controlfield><controlfield tag="005">20161230201028</controlfield><controlfield tag="008">060222s1000------------r-----000-0-eng-d</controlfield><datafield ind1=" " ind2=" " tag="080"><subfield code="a">016</subfield></datafield><datafield ind1=" " ind2=" " tag="245"><subfield code="a">Bibliographical series. no. 37: heavy.water reactors</subfield></datafield><datafield ind1=" " ind2=" " tag="260"><subfield code="a">Vienna,I.A.E.A</subfield></datafield><datafield ind1=" " ind2=" " tag="852"><subfield code="a">D.1032</subfield></datafield></record></collection>